<?xml version="1.0" encoding="UTF-8"?>
  <record xmlns="http://www.loc.gov/MARC21/slim" type="Authority">
    <leader>00000nz  a2200000nc 4500</leader>
    <controlfield tag="001">120100096</controlfield>
    <controlfield tag="003">DE-101</controlfield>
    <controlfield tag="005">20210415101849.0</controlfield>
    <controlfield tag="008">980414n||azznnaabn           | aaa    |c</controlfield>
    <datafield tag="024" ind1="7" ind2=" ">
      <subfield code="a">120100096</subfield>
      <subfield code="0">http://d-nb.info/gnd/120100096</subfield>
      <subfield code="2">gnd</subfield>
    </datafield>
    <datafield tag="035" ind1=" " ind2=" ">
      <subfield code="a">(DE-101)120100096</subfield>
    </datafield>
    <datafield tag="035" ind1=" " ind2=" ">
      <subfield code="a">(DE-588)120100096</subfield>
    </datafield>
    <datafield tag="035" ind1=" " ind2=" ">
      <subfield code="z">(DE-588a)120100096</subfield>
      <subfield code="9">v:zg</subfield>
    </datafield>
    <datafield tag="040" ind1=" " ind2=" ">
      <subfield code="a">DE-12</subfield>
      <subfield code="c">DE-12</subfield>
      <subfield code="9">r:DE-12</subfield>
      <subfield code="b">ger</subfield>
      <subfield code="d">8999</subfield>
    </datafield>
    <datafield tag="042" ind1=" " ind2=" ">
      <subfield code="a">gnd1</subfield>
    </datafield>
    <datafield tag="043" ind1=" " ind2=" ">
      <subfield code="c">XA-AT</subfield>
      <subfield code="c">XA-DE</subfield>
    </datafield>
    <datafield tag="065" ind1=" " ind2=" ">
      <subfield code="a">16.5p</subfield>
      <subfield code="2">sswd</subfield>
    </datafield>
    <datafield tag="075" ind1=" " ind2=" ">
      <subfield code="b">p</subfield>
      <subfield code="2">gndgen</subfield>
    </datafield>
    <datafield tag="075" ind1=" " ind2=" ">
      <subfield code="b">piz</subfield>
      <subfield code="2">gndspec</subfield>
    </datafield>
    <datafield tag="079" ind1=" " ind2=" ">
      <subfield code="a">g</subfield>
      <subfield code="q">a</subfield>
      <subfield code="q">f</subfield>
      <subfield code="q">s</subfield>
    </datafield>
    <datafield tag="100" ind1="0" ind2=" ">
      <subfield code="a">Maria Anna Josepha</subfield>
      <subfield code="c">Pfalz, Pfalzgräfin</subfield>
      <subfield code="d">1654-1689</subfield>
    </datafield>
    <datafield tag="375" ind1=" " ind2=" ">
      <subfield code="a">2</subfield>
      <subfield code="2">iso5218</subfield>
    </datafield>
    <datafield tag="400" ind1="0" ind2=" ">
      <subfield code="a">Maria Anna</subfield>
      <subfield code="c">Pfalz, Pfalzgräfin</subfield>
      <subfield code="d">1654-1689</subfield>
    </datafield>
    <datafield tag="400" ind1="0" ind2=" ">
      <subfield code="a">Maria Anna Josepha</subfield>
      <subfield code="c">Österreich, Prinzessin</subfield>
      <subfield code="d">1654-1689</subfield>
    </datafield>
    <datafield tag="400" ind1="0" ind2=" ">
      <subfield code="a">Maria Anna Josepha</subfield>
      <subfield code="c">Österreich, Erzherzogin</subfield>
      <subfield code="d">1654-1689</subfield>
    </datafield>
    <datafield tag="400" ind1="0" ind2=" ">
      <subfield code="a">Maria Anna</subfield>
      <subfield code="c">Pfalz-Neuburg, Herzogin</subfield>
      <subfield code="d">1654-1689</subfield>
    </datafield>
    <datafield tag="400" ind1="0" ind2=" ">
      <subfield code="a">Maria Anna</subfield>
      <subfield code="c">Österreich, Prinzessin</subfield>
      <subfield code="d">1654-1689</subfield>
    </datafield>
    <datafield tag="400" ind1="0" ind2=" ">
      <subfield code="a">Maria Anna</subfield>
      <subfield code="c">Österreich, Erzherzogin</subfield>
      <subfield code="d">1654-1689</subfield>
    </datafield>
    <datafield tag="400" ind1="0" ind2=" ">
      <subfield code="a">Maria Anna Josepha</subfield>
      <subfield code="c">Pfalz-Neuburg, Herzogin</subfield>
      <subfield code="d">1654-1689</subfield>
    </datafield>
    <datafield tag="400" ind1="0" ind2=" ">
      <subfield code="a">Mariana</subfield>
      <subfield code="c">Österreich, Erzherzogin</subfield>
      <subfield code="d">1654-1689</subfield>
    </datafield>
    <datafield tag="500" ind1="0" ind2=" ">
      <subfield code="0">(DE-101)118712411</subfield>
      <subfield code="0">(DE-588)118712411</subfield>
      <subfield code="0">https://d-nb.info/gnd/118712411</subfield>
      <subfield code="a">Johann Wilhelm</subfield>
      <subfield code="c">Pfalz, Kurfürst</subfield>
      <subfield code="d">1658-1716</subfield>
      <subfield code="4">bezf</subfield>
      <subfield code="4">https://d-nb.info/standards/elementset/gnd#familialRelationship</subfield>
      <subfield code="w">r</subfield>
      <subfield code="i">Beziehung familiaer</subfield>
      <subfield code="e">Beziehung familiaer</subfield>
      <subfield code="9">v:Ehemann</subfield>
    </datafield>
    <datafield tag="548" ind1=" " ind2=" ">
      <subfield code="a">1654-1689</subfield>
      <subfield code="4">datl</subfield>
      <subfield code="4">https://d-nb.info/standards/elementset/gnd#dateOfBirthAndDeath</subfield>
      <subfield code="w">r</subfield>
      <subfield code="i">Lebensdaten</subfield>
    </datafield>
    <datafield tag="551" ind1=" " ind2=" ">
      <subfield code="0">(DE-101)040489892</subfield>
      <subfield code="0">(DE-588)4048989-9</subfield>
      <subfield code="0">https://d-nb.info/gnd/4048989-9</subfield>
      <subfield code="a">Regensburg</subfield>
      <subfield code="4">ortg</subfield>
      <subfield code="4">https://d-nb.info/standards/elementset/gnd#placeOfBirth</subfield>
      <subfield code="w">r</subfield>
      <subfield code="i">Geburtsort</subfield>
    </datafield>
    <datafield tag="551" ind1=" " ind2=" ">
      <subfield code="0">(DE-101)040660095</subfield>
      <subfield code="0">(DE-588)4066009-6</subfield>
      <subfield code="0">https://d-nb.info/gnd/4066009-6</subfield>
      <subfield code="a">Wien</subfield>
      <subfield code="4">orts</subfield>
      <subfield code="4">https://d-nb.info/standards/elementset/gnd#placeOfDeath</subfield>
      <subfield code="w">r</subfield>
      <subfield code="i">Sterbeort</subfield>
    </datafield>
    <datafield tag="667" ind1=" " ind2=" ">
      <subfield code="a">VD-17</subfield>
    </datafield>
    <datafield tag="670" ind1=" " ind2=" ">
      <subfield code="a">Wikipedia</subfield>
      <subfield code="b">Stand: 15.04.2021</subfield>
      <subfield code="u">https://de.wikipedia.org/w/index.php?title=Maria_Anna_Josepha_von_%C3%96sterreich&amp;oldid=207073842</subfield>
    </datafield>
    <datafield tag="672" ind1=" " ind2="0">
      <subfield code="a">Freudens-Triumph deß Parnassus über den unvergleichlichen Nahmen und Ruhm der durchleuchtigsten Fürstin und Frauen, Frauen Maria Anna, Geborner aus dem Glor-würdigsten Ertz-Hauß Öesterreich ... - 1678</subfield>
    </datafield>
    <datafield tag="672" ind1=" " ind2="0">
      <subfield code="a">Flora palatina serenissima Maria Anna, comes palatina Rheni, Bavariae, Juliae, Cliviae et Montium dux etc., auspicatissimo hyme . - 1689</subfield>
    </datafield>
    <datafield tag="672" ind1=" " ind2="0">
      <subfield code="a">Streit der Schönheit und der Tugend. - Ca. 1678</subfield>
    </datafield>
    <datafield tag="678" ind1=" " ind2=" ">
      <subfield code="b">Tochter von Kaiser Ferdinand III. (aus der 3. Ehe mit Eleonora Gonzaga); Gemahlin (ab 1678) von Johann Wilhelm &lt;Pfalz, Kurfürst&gt; (IDN !118712411!), gest. bevor ihr Mann Kurfürst wurde; keine Kinder aus dieser Ehe</subfield>
    </datafield>
    <datafield tag="913" ind1=" " ind2=" ">
      <subfield code="S">pnd</subfield>
      <subfield code="i">5</subfield>
      <subfield code="a">Maria Anna Josepha &lt;Pfalz, Pfalzgräfin&gt;</subfield>
      <subfield code="0">(DE-588a)120100096</subfield>
    </datafield>
  </record>
